<?xml version="1.0" encoding="UTF-8"?><collection xmlns="http://www.loc.gov/MARC21/slim"><record><leader>00535nam--2200181-i-4500</leader><controlfield tag="001">000046942</controlfield><controlfield tag="002">20161230</controlfield><controlfield tag="005">20161230201046</controlfield><controlfield tag="008">060222s1000------------r-----000-0-fre-d</controlfield><datafield ind1=" " ind2=" " tag="040"><subfield code="a">IFIN-HH</subfield></datafield><datafield ind1=" " ind2=" " tag="041"><subfield code="a">fre</subfield></datafield><datafield ind1=" " ind2=" " tag="080"><subfield code="a">530.145.6:533.951.3(043)</subfield></datafield><datafield ind1="1" ind2=" " tag="100"><subfield code="a">Watanabe, Shinsuke</subfield></datafield><datafield ind1="1" ind2="0" tag="245"><subfield code="a">Solitons acoustiques ioniques dans un plasma: theorie et experience</subfield><subfield code="b">These</subfield><subfield code="c">Shinsuke watanabe</subfield></datafield><datafield ind1=" " ind2=" " tag="260"><subfield code="a">Paris</subfield><subfield code="b">Universite De Paris-sud</subfield><subfield code="c">1975</subfield></datafield><datafield ind1=" " ind2=" " tag="300"><subfield code="a">66P.+4TABLE + 23FIG</subfield></datafield><datafield ind1=" " ind2=" " tag="852"><subfield code="a">43950</subfield><subfield code="c">533.9</subfield></datafield><datafield ind1=" " ind2=" " tag="CAT"><subfield code="a">Sys</subfield><subfield code="c">20110114</subfield><subfield code="h">121033</subfield></datafield></record></collection>